
@book{ecg1,
title = "Handbook of cardiac anatomy, physiology, and devices, third edition",
author = "Iaizzo, {Paul A}",
year = "2015",
month = jan,
day = "1",
doi = "10.1007/978-3-319-19464-6",
language = "English (US)",
isbn = "9783319194639",
publisher = "Springer International Publishing",
}

@article{ecg2,
author = {Sampson, Michael and Mcgrath, Anthony},
year = {2015},
month = {11},
pages = {548-554},
title = {Understanding the ECG. Part 1: Anatomy and physiology},
volume = {10},
journal = {British Journal of Cardiac Nursing},
doi = {10.12968/bjca.2015.10.11.548}
}

@article{ecg3,
author = {Sampson, Michael and Mcgrath, Anthony},
year = {2015},
month = {12},
pages = {588-594},
title = {Understanding the ECG Part 2: ECG basics},
volume = {10},
journal = {British Journal of Cardiac Nursing},
doi = {10.12968/bjca.2015.10.12.588}
}

@book{basic_arryth,
  title={Basic Arrhythmias},
  author={Walraven, G.},
  isbn={9780133763577},
  url={https://books.google.ne/books?id=5f67AQAAQBAJ},
  year={2014},
  publisher={Pearson Education}
}

@online{github_arrhythmias,
  author = {Perez, Erick  and matthewreyna},
  month = {03},
  year = {2021},
  title = {physionetchallenges},
  url = {https://github.com/physionetchallenges/physionetchallenges.github.io/blob/master/2020/Dx_map.csv}
}

@book{arryth_types,
	author = {Goldsworthy, Sandra and Kleinpell, Ruth and Williams, Ged},
	title = {International Best Practices in Critical Care},
	publisher = {World Federation of Critical Care Nurses,},
	year = {2017.},
	address = {New York, NY :}
}

@article{systematic_review,
author = {Hanley, Terry and Winter, Laura},
year = {2013},
month = {01},
pages = {3-6},
title = {What is a systematic review?},
volume = {28},
journal = {Counselling Psychology Review}
}

@article{prisma_flow,
author = {Kahale, Lara A and Elkhoury, Rayane and El Mikati, Ibrahim and Pardo-Hernandez, Hector and Khamis, Assem and Schünemann, Holger and Haddaway, Neal and Akl, Elie},
year = {2021},
month = {03},
pages = {192},
title = {PRISMA flow diagrams for living systematic reviews: a methodological survey and a proposal},
volume = {10},
journal = {F1000Research},
doi = {10.12688/f1000research.51723.1}
}

@Article{ecg_methods1,
AUTHOR = {Savalia, Shalin and Emamian, Vahid},
TITLE = {Cardiac Arrhythmia Classification by Multi-Layer Perceptron and Convolution Neural Networks},
JOURNAL = {Bioengineering},
VOLUME = {5},
YEAR = {2018},
NUMBER = {2},
ARTICLE-NUMBER = {35},
URL = {https://www.mdpi.com/2306-5354/5/2/35},
PubMedID = {29734666},
ISSN = {2306-5354},
DOI = {10.3390/bioengineering5020035}
}

@article{ecg_methods2,
author = {Vishwa, Abhinav and Lal, Mohit and Dixit, Sharad and Varadwaj, Pritish},
year = {2011},
month = {12},
pages = {67-70},
title = {Clasification Of Arrhythmic ECG Data Using Machine Learning Techniques},
volume = {1},
journal = {International Journal of Interactive Multimedia and Artificial Intelligence},
doi = {10.9781/ijimai.2011.1411}
}

@article{ecg_methods3,
title = "Application of deep learning techniques for heartbeats detection using ECG signals Analysis and Review",
keywords = "arrhythmia detection, deep learning, ECG classification, CNN, LSTM",
author = "Fatma Murat and Ozal Yildirim and Muhammed Talo and Baloglu, {Ulas Baran} and Yakup Demir and Acharya, {U. Rajendra}",
year = "2020",
month = may,
day = "1",
doi = "10.1016/j.compbiomed.2020.103726",
language = "English",
volume = "120",
journal = "Computers in Biology and Medicine",
issn = "0010-4825",
publisher = "Elsevier Limited",
}

@article{ecg_methods4,
title = {A deep learning approach for ECG-based heartbeat classification for arrhythmia detection},
journal = {Future Generation Computer Systems},
volume = {86},
pages = {446-455},
year = {2018},
issn = {0167-739X},
doi = {https://doi.org/10.1016/j.future.2018.03.057},
url = {https://www.sciencedirect.com/science/article/pii/S0167739X17324548},
author = {G. Sannino and G. {De Pietro}},
keywords = {Deep learning, ECG classification, Heartbeat classification, Arrhythmia detection}
}

@inproceedings{ecg_methods5,  author={Demonbreun, Andrew and Mirsky, Grace M},  booktitle={2020 Computing in Cardiology},   title={Automated Classification of Electrocardiograms Using Wavelet Analysis and Deep Learning},   year={2020},  volume={},  number={},  pages={1-4},  doi={10.22489/CinC.2020.138}}

@inproceedings{ecg_methods6,  author={He, Zhengling and Zhang, Pengfei and Xu, Lirui and Bai, Zhongrui and Zhang, Hao and Li, Weisong and Xia, Pan and Chen, Xianxiang},  booktitle={2020 Computing in Cardiology},   title={A Novel Convolutional Neural Network for Arrhythmia Detection From 12-lead Electrocardiograms},   year={2020},  volume={},  number={},  pages={1-4},  doi={10.22489/CinC.2020.196}}

@inproceedings{ecg_methods7,  author={Borra, Davide and Andaló, Alice and Severi, Stefano and Corsi, Cristiana},  booktitle={2020 Computing in Cardiology},   title={On the Application of Convolutional Neural Networks for 12-lead ECG Multi-label Classification Using Datasets From Multiple Centers},   year={2020},  volume={},  number={},  pages={1-4},  doi={10.22489/CinC.2020.349}}


@Article{imbalance_data1,
AUTHOR = {Darmawahyuni, Annisa and Nurmaini, Siti and Sukemi and Caesarendra, Wahyu and Bhayyu, Vicko and Rachmatullah, M Naufal and Firdaus},
TITLE = {Deep Learning with a Recurrent Network Structure in the Sequence Modeling of Imbalanced Data for ECG-Rhythm Classifier},
JOURNAL = {Algorithms},
VOLUME = {12},
YEAR = {2019},
NUMBER = {6},
ARTICLE-NUMBER = {118},
URL = {https://www.mdpi.com/1999-4893/12/6/118},
ISSN = {1999-4893},
DOI = {10.3390/a12060118}
}

@article{imbalance_data2,
title = {Heart disease detection using deep learning methods from imbalanced ECG samples},
journal = {Biomedical Signal Processing and Control},
volume = {68},
pages = {102820},
year = {2021},
issn = {1746-8094},
doi = {https://doi.org/10.1016/j.bspc.2021.102820},
url = {https://www.sciencedirect.com/science/article/pii/S1746809421004171},
author = {Adyasha Rath and Debahuti Mishra and Ganapati Panda and Suresh Chandra Satapathy},
keywords = {HD detection, DL model, GAN, GAN-LSTM model, ECG samples-based HD detection, Imbalanced ECG sample},
}


@article{imbalance_data3,
title = {Multi-classification of arrhythmias using a HCRNet on imbalanced ECG datasets},
journal = {Computer Methods and Programs in Biomedicine},
volume = {208},
pages = {106258},
year = {2021},
issn = {0169-2607},
doi = {https://doi.org/10.1016/j.cmpb.2021.106258},
url = {https://www.sciencedirect.com/science/article/pii/S0169260721003321},
author = {Xinyu Luo and Liuyang Yang and Hongyu Cai and Rui Tang and Yu Chen and Wei Li},
keywords = {Arrhythmia multi-classification, Neural network, ECG signals, Deep learning},
}

@article{imbalance_data4,
  doi = {10.48550/ARXIV.2008.06217},
  url = {https://arxiv.org/abs/2008.06217},
  author = {Wang, Lixu and Xu, Shichao and Wang, Xiao and Zhu, Qi},
  keywords = {Machine Learning (cs.LG), Machine Learning (stat.ML), FOS: Computer and information sciences, FOS: Computer and information sciences},
  title = {Addressing Class Imbalance in Federated Learning},
  publisher = {arXiv},
  year = {2020},
  copyright = {arXiv.org perpetual, non-exclusive license}
}

@INPROCEEDINGS{imbalance_data5,  author={Sarvan, Çağla and Özkurt, Nalan},  booktitle={2019 Medical Technologies Congress (TIPTEKNO)},   title={ECG Beat Arrhythmia Classification by using 1-D CNN in case of Class Imbalance},   year={2019},  volume={},  number={},  pages={1-4},  doi={10.1109/TIPTEKNO.2019.8895014}}

@article{metrics_ecg1,
title = {Designing ECG monitoring healthcare system with federated transfer learning and explainable AI},
journal = {Knowledge-Based Systems},
volume = {236},
pages = {107763},
year = {2022},
issn = {0950-7051},
doi = {https://doi.org/10.1016/j.knosys.2021.107763},
url = {https://www.sciencedirect.com/science/article/pii/S0950705121009862},
author = {Ali Raza and Kim Phuc Tran and Ludovic Koehl and Shujun Li},
keywords = {Electrocardiography (ECG), Deep learning, Explainable AI (XAI), Privacy, Security, Federated learning},
}

@article{metrics_ecg2,
title = {Towards identifying most important leads for ECG classification. A Data driven approach employing Deep Learning},
journal = {Procedia Computer Science},
volume = {171},
pages = {602-608},
year = {2020},
note = {Third International Conference on Computing and Network Communications (CoCoNet'19)},
issn = {1877-0509},
doi = {https://doi.org/10.1016/j.procs.2020.04.065},
url = {https://www.sciencedirect.com/science/article/pii/S1877050920310322},
author = {Sujadevi VG and Soman K.P.},
}

@ARTICLE{metrics_ecg3,
AUTHOR={Jiang, Mingfeng and Gu, Jiayan and Li, Yang and Wei, Bo and Zhang, Jucheng and Wang, Zhikang and Xia, Ling},   
TITLE={HADLN: Hybrid Attention-Based Deep Learning Network for Automated Arrhythmia Classification},      
JOURNAL={Frontiers in Physiology},      
VOLUME={12},      
YEAR={2021},      
URL={https://www.frontiersin.org/article/10.3389/fphys.2021.683025},       
DOI={10.3389/fphys.2021.683025},      
ISSN={1664-042X},   
}

@article{fl1,
	doi = {10.1016/j.jbi.2019.103251},
	url = {https://doi.org/10.1016%2Fj.jbi.2019.103251},
	year = 2019,
	month = {aug},
	publisher = {Elsevier {BV}},
	volume = {96},
	pages = {103251},
	author = {Ahmad Malekian Borujeni and Mahmood Fathy and Nasser Mozayani},
	title = {A hierarchical, scalable architecture for a real-time monitoring system for an electrocardiography, using context-aware computing},
	journal = {Journal of Biomedical Informatics}
}

@INPROCEEDINGS{fl2,  author={Sakib, Sadman and Fouda, Mostafa M. and Md Fadlullah, Zubair and Abualsaud, Khalid and Yaacoub, Elias and Guizani, Mohsen},  booktitle={2021 IEEE International Mediterranean Conference on Communications and Networking (MeditCom)},   title={Asynchronous Federated Learning-based ECG Analysis for Arrhythmia Detection},   year={2021},  volume={},  number={},  pages={277-282},  doi={10.1109/MeditCom49071.2021.9647636}}


@INPROCEEDINGS{fl3,  author={Zhang, Mufeng and Wang, Yining and Luo, Tao},  booktitle={2020 IEEE 6th International Conference on Computer and Communications (ICCC)},   title={Federated Learning for Arrhythmia Detection of Non-IID ECG},   year={2020},  volume={},  number={},  pages={1176-1180},  doi={10.1109/ICCC51575.2020.9344971}}

@INPROCEEDINGS{fl4,
  doi = {10.48550/ARXIV.2005.05083},
  url = {https://arxiv.org/abs/2005.05083},
  author = {Yuan, Binhang and Ge, Song and Xing, Wenhui},
  keywords = {Machine Learning (cs.LG), Distributed, Parallel, and Cluster Computing (cs.DC), Signal Processing (eess.SP), FOS: Computer and information sciences, FOS: Computer and information sciences, FOS: Electrical engineering, electronic engineering, information engineering, FOS: Electrical engineering, electronic engineering, information engineering},
  title = {A Federated Learning Framework for Healthcare IoT devices},
  publisher = {arXiv},
  year = {2020},
  copyright = {arXiv.org perpetual, non-exclusive license}
}

@INPROCEEDINGS{fl5,  author={Gao, Yansong and Kim, Minki and Abuadbba, Sharif and Kim, Yeonjae and Thapa, Chandra and Kim, Kyuyeon and Camtep, Seyit A. and Kim, Hyoungshick and Nepal, Surya},  booktitle={2020 International Symposium on Reliable Distributed Systems (SRDS)},   title={End-to-End Evaluation of Federated Learning and Split Learning for Internet of Things},   year={2020},  volume={},  number={},  pages={91-100},  doi={10.1109/SRDS51746.2020.00017}}


@article{fl6,
author = {Tang, Renjie and Luo, Junzhou and Qian, Junbo and Jin, Jiahui},
year = {2021},
month = {11},
pages = {1-9},
title = {Personalized Federated Learning for ECG Classification Based on Feature Alignment},
volume = {2021},
journal = {Security and Communication Networks},
doi = {10.1155/2021/6217601}
}

@INPROCEEDINGS{fl7,
  doi = {10.48550/ARXIV.2111.12241},
  url = {https://arxiv.org/abs/2111.12241},
  author = {Gupta, Deepti and Kayode, Olumide and Bhatt, Smriti and Gupta, Maanak and Tosun, Ali Saman},
  keywords = {Cryptography and Security (cs.CR), FOS: Computer and information sciences, FOS: Computer and information sciences},
  title = {Hierarchical Federated Learning based Anomaly Detection using Digital Twins for Smart Healthcare},
  publisher = {arXiv},
  year = {2021},
  copyright = {Creative Commons Attribution 4.0 International}
}

@INPROCEEDINGS{fl8,  author={Elayan, Haya and Aloqaily, Moayad and Guizani, Mohsen},  booktitle={2021 International Wireless Communications and Mobile Computing (IWCMC)},   title={Deep Federated Learning for IoT-based Decentralized Healthcare Systems},   year={2021},  volume={},  number={},  pages={105-109},  doi={10.1109/IWCMC51323.2021.9498820}}


@INPROCEEDINGS{fl9,  author={Ibraimi, Lenart and Selimi, Mennan and Freitag, Felix},  booktitle={2021 IEEE Global Communications Conference (GLOBECOM)},   title={BePOCH: Improving Federated Learning Performance in Resource-Constrained Computing Devices},   year={2021},  volume={},  number={},  pages={1-6},  doi={10.1109/GLOBECOM46510.2021.9685095}}

@inproceedings{fl10,
	doi = {10.1109/embc44109.2020.9175344},
	url = {https://doi.org/10.1109%2Fembc44109.2020.9175344},
	year = 2020,
	month = {jul},
	publisher = {{IEEE}},
	author = {Ce Ju and Dashan Gao and Ravikiran Mane and Ben Tan and Yang Liu and Cuntai Guan},
	title = {Federated Transfer Learning for {EEG} Signal Classification},
	booktitle = {2020 42nd Annual International Conference of the {IEEE} Engineering in Medicine {\&}amp$\mathsemicolon$ Biology Society ({EMBC})}
}


@INPROCEEDINGS{fl11,  author={Hakak, Saqib and Ray, Suprio and Khan, Wazir Zada and Scheme, Erik},  booktitle={2020 IEEE International Conference on Big Data (Big Data)},   title={A Framework for Edge-Assisted Healthcare Data Analytics using Federated Learning},   year={2020},  volume={},  number={},  pages={3423-3427},  doi={10.1109/BigData50022.2020.9377873}}

@INPROCEEDINGS{fl12,  author={Saadat, Hassan and Aboumadi, Abdulla and Mohamed, Amr and Erbad, Aiman and Guizani, Mohsen},  booktitle={2021 10th Mediterranean Conference on Embedded Computing (MECO)},   title={Hierarchical Federated Learning for Collaborative IDS in IoT Applications},   year={2021},  volume={},  number={},  pages={1-6},  doi={10.1109/MECO52532.2021.9460304}}

@INPROCEEDINGS{fl13,  author={Oh, Hyeontaek and Yu, Jongmin and Kim, Nakyoung and Kim, Dongyeong and Lee, Jangwon and Yang, Jinhong},  booktitle={2022 International Conference on Artificial Intelligence in Information and Communication (ICAIIC)},   title={A federated binarized neural network model for constrained devices in IoT healthcare services},   year={2022},  volume={},  number={},  pages={241-245},  doi={10.1109/ICAIIC54071.2022.9722649}}


@INPROCEEDINGS{fl14,
  doi = {10.48550/ARXIV.2110.11619},
  url = {https://arxiv.org/abs/2110.11619},
  author = {Liu, Bingyan and Cai, Yifeng and Zhang, Ziqi and Li, Yuanchun and Wang, Leye and Li, Ding and Guo, Yao and Chen, Xiangqun},
  keywords = {Machine Learning (cs.LG), Distributed, Parallel, and Cluster Computing (cs.DC), FOS: Computer and information sciences, FOS: Computer and information sciences},
  title = {DistFL: Distribution-aware Federated Learning for Mobile Scenarios},
  publisher = {arXiv},
  year = {2021},
  copyright = {arXiv.org perpetual, non-exclusive license}
}


@INPROCEEDINGS{fl15,
author = {Alawadi, Sadi and Kebande, Victor and Dong, Yuji and Bugeja, Joseph and Persson, Jan and Olsson, Carl},
year = {2021},
month = {07},
pages = {235-246},
title = {A Federated Interactive Learning IoT-Based Health Monitoring Platform},
isbn = {978-3-030-85081-4},
doi = {10.1007/978-3-030-85082-1_21}
}

@article{fl17,
author = {Thilakarathne, Navod and Muneeswari, G. and v, Parthasarathy and Alassery, Fawaz and Hamam, Habib and Mahendran, Rakesh and Shafiq, Muhammad},
year = {2022},
month = {01},
pages = {157-172},
title = {Federated Learning for Privacy-Preserved Medical Internet of Things},
volume = {33},
journal = {Intelligent Automation & Soft Computing},
doi = {10.32604/iasc.2022.023763}
}

@article{fl18,
  doi = {10.48550/ARXIV.1806.00582},
  url = {https://arxiv.org/abs/1806.00582},
  author = {Zhao, Yue and Li, Meng and Lai, Liangzhen and Suda, Naveen and Civin, Damon and Chandra, Vikas},
  keywords = {Machine Learning (cs.LG), Machine Learning (stat.ML), FOS: Computer and information sciences, FOS: Computer and information sciences},
  title = {Federated Learning with Non-IID Data},
  publisher = {arXiv},
  year = {2018},
  copyright = {arXiv.org perpetual, non-exclusive license}
}


@article{fl19,
  doi = {10.48550/ARXIV.2102.02079},
  url = {https://arxiv.org/abs/2102.02079},
  author = {Li, Qinbin and Diao, Yiqun and Chen, Quan and He, Bingsheng},
  keywords = {Machine Learning (cs.LG), Distributed, Parallel, and Cluster Computing (cs.DC), FOS: Computer and information sciences, FOS: Computer and information sciences},
  title = {Federated Learning on Non-IID Data Silos: An Experimental Study},
  publisher = {arXiv},
  year = {2021},
  copyright = {arXiv.org perpetual, non-exclusive license}
}


@article{fl20,
  doi = {10.48550/ARXIV.2106.05001},
  url = {https://arxiv.org/abs/2106.05001},
  author = {Luo, Mi and Chen, Fei and Hu, Dapeng and Zhang, Yifan and Liang, Jian and Feng, Jiashi},
  keywords = {Machine Learning (cs.LG), Computer Vision and Pattern Recognition (cs.CV), Distributed, Parallel, and Cluster Computing (cs.DC), Machine Learning (stat.ML), FOS: Computer and information sciences, FOS: Computer and information sciences},
  title = {No Fear of Heterogeneity: Classifier Calibration for Federated Learning with Non-IID Data},
  publisher = {arXiv},
  year = {2021},
  copyright = {arXiv.org perpetual, non-exclusive license}
}


@article{fl21,
  doi = {10.48550/ARXIV.2006.09637},
  url = {https://arxiv.org/abs/2006.09637},
  author = {Kopparapu, Kavya and Lin, Eric and Zhao, Jessica},
  keywords = {Machine Learning (cs.LG), Distributed, Parallel, and Cluster Computing (cs.DC), Machine Learning (stat.ML), FOS: Computer and information sciences, FOS: Computer and information sciences},
  title = {FedCD: Improving Performance in non-IID Federated Learning},
  publisher = {arXiv},
  year = {2020},
  copyright = {arXiv.org perpetual, non-exclusive license}
}

@article{fl22,
  doi = {10.48550/ARXIV.2008.07665},
  url = {https://arxiv.org/abs/2008.07665},
  author = {Yeganeh, Yousef and Farshad, Azade and Navab, Nassir and Albarqouni, Shadi},
  keywords = {Machine Learning (cs.LG), Computer Vision and Pattern Recognition (cs.CV), Machine Learning (stat.ML), FOS: Computer and information sciences, FOS: Computer and information sciences},
  title = {Inverse Distance Aggregation for Federated Learning with Non-IID Data},
  publisher = {arXiv},
  year = {2020},
  copyright = {arXiv.org perpetual, non-exclusive license}
}


@article{fl23,
  doi = {10.48550/ARXIV.2107.13173},
  url = {https://arxiv.org/abs/2107.13173},
  author = {Divi, Siddharth and Lin, Yi-Shan and Farrukh, Habiba and Celik, Z. Berkay},
  keywords = {Machine Learning (cs.LG), FOS: Computer and information sciences, FOS: Computer and information sciences},
  title = {New Metrics to Evaluate the Performance and Fairness of Personalized Federated Learning},
  publisher = {arXiv},
  year = {2021},
  copyright = {Creative Commons Attribution 4.0 International}
}


@INPROCEEDINGS{fl24,  author={Ibraimi, Lenart and Selimi, Mennan and Freitag, Felix},  booktitle={2021 IEEE Global Communications Conference (GLOBECOM)},   title={BePOCH: Improving Federated Learning Performance in Resource-Constrained Computing Devices},   year={2021},  volume={},  number={},  pages={1-6},  doi={10.1109/GLOBECOM46510.2021.9685095}}


@online{github_spectralfeatures,
  author = {Zhang, Dongdong},
  month = {06},
  title = {Interpretable Deep Learning for Automatic Diagnosis of 12-lead Electrocardiogram},
  url = {https://github.com/onlyzdd/ecg-diagnosis},
  year = {2021}
}


@inproceedings{spectralfeatures,
author = {Surda, Jozef and Lovas, Stanislav and Pucik, Jozef and Jus, Milan},
year = {2007},
month = {05},
pages = {1-5},
title = {Spectral Properties of ECG Signal},
isbn = {1-4244-0821-0},
journal = {2007 17th International Conference Radioelektronika},
doi = {10.1109/RADIOELEK.2007.371653}
}

@online{spectral_features,
  author = {Talebi, Shawhin},
  month = {12},
  title = {The Wavelet Transform},
  url = {https://towardsdatascience.com/the-wavelet-transform-e9cfa85d7b34},
  year = {2020}
}


@inproceedings{catboost,
  doi = {10.48550/ARXIV.1706.09516},
  url = {https://arxiv.org/abs/1706.09516},
  author = {Prokhorenkova, Liudmila and Gusev, Gleb and Vorobev, Aleksandr and Dorogush, Anna Veronika and Gulin, Andrey},
  keywords = {Machine Learning (cs.LG), FOS: Computer and information sciences, FOS: Computer and information sciences},
  title = {CatBoost: unbiased boosting with categorical features},
  publisher = {arXiv},
  year = {2017},
  copyright = {arXiv.org perpetual, non-exclusive license}
}


@article{lstm,
author = {Hochreiter, Sepp and Schmidhuber, Jürgen},
year = {1997},
month = {12},
pages = {1735-80},
title = {Long Short-term Memory},
volume = {9},
journal = {Neural computation},
doi = {10.1162/neco.1997.9.8.1735}
}

@book{datawrang,
author = {Rattenbury, Tye and Hellerstein, Joseph M. and Heer, Jeffrey and Kandel, Sean and Carreras, Connor},
title = {Principles of Data Wrangling: Practical Techniques for Data Preparation},
year = {2017},
isbn = {1491938927},
publisher = {O'Reilly Media, Inc.},
edition = {1st},
}

@online{datawrang2,
  title={Data Wrangling in 6 Steps: An Analyst’s Guide For Creating Useful Data},
  author={Stefanski, Ron.},
  url={https://hevodata.com/learn/data-wrangling/},
  year={Retrieved on May 05, 2022},
  urldate = {September 21, 2021}
}

@article{smote1,
   title={SMOTE: Synthetic Minority Over-sampling Technique},
   volume={16},
   ISSN={1076-9757},
   url={http://dx.doi.org/10.1613/jair.953},
   DOI={10.1613/jair.953},
   journal={Journal of Artificial Intelligence Research},
   publisher={AI Access Foundation},
   author={Chawla, N. V. and Bowyer, K. W. and Hall, L. O. and Kegelmeyer, W. P.},
   year={2002},
   month={Jun},
   pages={321–357} }

@article{smote2,
author = {Fernández, Alberto and Garcia, Salvador and Herrera, Francisco and Chawla, Nitesh},
year = {2018},
month = {04},
pages = {863-905},
title = {SMOTE for Learning from Imbalanced Data: Progress and Challenges, Marking the 15-year Anniversary},
volume = {61},
journal = {Journal of Artificial Intelligence Research},
doi = {10.1613/jair.1.11192}
}

@INPROCEEDINGS{xgb1,
  author={Chen, Tianqi and Guestrin, Carlos},
  booktitle={22nd ACM SIGKDD International Conference on Knowledge Discovery and Data Mining}, 
  title={XGBoost: A Scalable Tree Boosting System}, 
  year={2016},
  volume={},
  number={},
  pages={785–794},
  doi={https://doi.org/10.1145/2939672.2939785}}
  
@INPROCEEDINGS{xgb2,
  author={Bentéjac, Candice and Csörgő, Anna and Martínez-Muñoz, Gonzalo},
  booktitle={}, 
  title={A Comparative Analysis of XGBoost}, 
  year={2019},
  volume={},
  number={},
  pages={},
  doi={}}  

@article{ann1,
author = {Basheer, Imad and Hajmeer, M.N.},
year = {2001},
month = {01},
pages = {3-31},
title = {Artificial Neural Networks: Fundamentals, Computing, Design, and Application},
volume = {43},
journal = {Journal of microbiological methods},
doi = {10.1016/S0167-7012(00)00201-3}
}

@inbook{ann2,
author = {Gallo, Crescenzio},
year = {2015},
month = {01},
pages = {},
title = {Artificial Neural Networks: tutorial},
isbn = {9781466658882}
}

@article{ann3,
author = {Popescu, Marius-Constantin and Balas, Valentina and Perescu-Popescu, Liliana and Mastorakis, Nikos},
year = {2009},
month = {07},
pages = {},
title = {Multilayer perceptron and neural networks},
volume = {8},
journal = {WSEAS Transactions on Circuits and Systems}
}

@article{metrics1,
author = {Hossin, Mohammad and M.N, Sulaiman},
year = {2015},
month = {03},
pages = {01-11},
title = {A Review on Evaluation Metrics for Data Classification Evaluations},
volume = {5},
journal = {International Journal of Data Mining and Knowledge Management Process},
doi = {10.5121/ijdkp.2015.5201}
}

@inproceedings{metrics2,
author = {Canbek, Gürol and Sagiroglu, Seref and Taskaya Temizel, Tugba and Baykal, Nazife},
year = {2017},
month = {10},
pages = {821-826},
title = {Binary Classification Performance Measures/Metrics: A comprehensive visualized roadmap to gain new insights},
doi = {10.1109/UBMK.2017.8093539}
}


@article{fl25,
  doi = {10.48550/ARXIV.1902.04885},
  url = {https://arxiv.org/abs/1902.04885},
  author = {Yang, Qiang and Liu, Yang and Chen, Tianjian and Tong, Yongxin},
  keywords = {Artificial Intelligence (cs.AI), Cryptography and Security (cs.CR), Machine Learning (cs.LG), FOS: Computer and information sciences, FOS: Computer and information sciences},
  title = {Federated Machine Learning: Concept and Applications},
  publisher = {arXiv},
  year = {2019},
  copyright = {arXiv.org perpetual, non-exclusive license}
}

@online{fl26_types,
  title={{Types of Federated Learning}},
  author={Arjun Ramesh Kaushik},
  url={https://medium.com/@arjun.r.kaushik/types-of-federated-learning-1c0ce84fe7d5},
  year={Retrieved on May 30, 2022},
  urldate = {September 06, 2021}
}


@article{fl27_adv_disadv,
author = {Bogdanova, Anna and Attoh-Okine, Nii and Sakurai, Tetsuya},
year = {2020},
month = {09},
pages = {04020031},
title = {Risk and Advantages of Federated Learning for Health Care Data Collaboration},
volume = {6},
journal = {ASCE-ASME Journal of Risk and Uncertainty in Engineering Systems, Part A: Civil Engineering},
doi = {10.1061/AJRUA6.0001078}
}

@online{dataset1,
  title={Moody Challenge Overview},
  author={PhysioNet},
  url={https://physionet.org/about/challenge/moody-challenge-overview.},
  year={Retrieved on May 31, 2022}
}

@article{dataset2,
author = {Perez Alday, Erick and Gu, Annie and Shah, Amit and Robichaux, Chad and Wong, An-Kwok and Liu, Chengyu and Liu, Feifei and Bahrami Rad, Ali and Elola, Andoni and Seyedi, Salman and Li, Qiao and Sharma, Ashish and Clifford, Gari and Reyna, Matthew},
year = {2020},
month = {08},
pages = {},
title = {Classification of 12-lead ECGs: the PhysioNet/Computing in Cardiology Challenge 2020},
doi = {10.1101/2020.08.11.20172601}
}

@online{dataset3,
  title= {Classification of 12-lead ECGs: The PhysioNet/Computing in Cardiology Challenge 2020},
  author={PhysioNet},
  url={https://www.physionet.org/content/challenge-2020/1.0.1/.},
  year={Retrieved on June 01, 2022}
}

@article{dataset4,
author = {Goldberger, Ary and Amaral, Luís and Glass, L. and Havlin, Shlomo and Hausdorg, J. and Ivanov, Plamen and Mark, R. and Mietus, J. and Moody, G. and Peng, Chung-Kang and Stanley, H. and Physiobank, Physiotoolkit},
year = {2000},
month = {01},
pages = {},
title = {PhysioBank, PhysioToolkit, and PhysioNet: Components of a new research resource for complex physiologic signals},
volume = {101},
journal = {PhysioNet}
}

@inproceedings{fl28,
  doi = {10.48550/ARXIV.2103.15947},
  url = {https://arxiv.org/abs/2103.15947},
  author = {Jamali-Rad, Hadi and Abdizadeh, Mohammad and Singh, Anuj},
  keywords = {Machine Learning (cs.LG), Distributed, Parallel, and Cluster Computing (cs.DC), FOS: Computer and information sciences, FOS: Computer and information sciences},
  title = {Federated Learning with Taskonomy for Non-IID Data},
  publisher = {arXiv},
  year = {2021},
  copyright = {arXiv.org perpetual, non-exclusive license}
}



@article{datasplit,
author = {Nguyen, Quang and Ly, Hai-Bang and Lanh, Ho and Al-Ansari, Nadhir and Le, Hiep and Van Quan, Tran and Prakash, Indra and Pham, Binh},
year = {2021},
month = {02},
pages = {},
title = {Influence of Data Splitting on Performance of Machine Learning Models in Prediction of Shear Strength of Soil},
volume = {2021},
journal = {Mathematical Problems in Engineering},
doi = {10.1155/2021/4832864}
}

@book{world2017global,
  title={Global diffusion of eHealth: making universal health coverage achievable: report of the third global survey on eHealth},
  author={World Health Organization},
  year={2017},
  publisher={World Health Organization},
}

@inproceedings{arnold2017doctor,
  title={What doctor? Why AI and robotics will define new health},
  author={Arnold, Dean and Wilson, Tim},
  booktitle={PwC},
  year={2017},
}

@article{wang2019deep,
  title={Deep learning in medicine—promise, progress, and challenges},
  author={Wang, Fei and Casalino, Lawrence Peter and Khullar, Dhruv},
  journal={JAMA internal medicine},
  volume={179},
  number={3},
  pages={293--294},
  year={2019},
  publisher={American Medical Association}
}


@article{intro,
  title={The future of digital health with federated learning},
  author={Rieke, Nicola and Hancox, Jonny and Li, Wenqi and Milletari, Fausto and Roth, Holger R and Albarqouni, Shadi and Bakas, Spyridon and Galtier, Mathieu N and Landman, Bennett A and Maier-Hein, Klaus and others},
  journal={NPJ digital medicine},
  volume={3},
  number={1},
  pages={1--7},
  year={2020},
  publisher={Nature Publishing Group}
}


@article{physionet_challenge_2020,
title = {Classification of 12-lead ECGs: the PhysioNet/Computing in Cardiology Challenge 2020},
journal = { Physiol Meas},
year = {2020 Nov 11},
doi = {10.1088/1361-6579/abc960},
url = {https://moody-challenge.physionet.org/2020/papers/},
author = {Perez Alday EA, Gu A, Shah AJ},
}

@ARTICLE{main_arythmia_detection,
  
AUTHOR={Hong, Shenda and Zhang, Wenrui and Sun, Chenxi and Zhou, Yuxi and Li, Hongyan},   
TITLE={Practical Lessons on 12-Lead ECG Classification: Meta-Analysis of Methods From PhysioNet/Computing in Cardiology Challenge 2020},      
JOURNAL={Frontiers in Physiology},      
VOLUME={12},      
YEAR={2022},      
URL={https://www.frontiersin.org/article/10.3389/fphys.2021.811661},       
DOI={10.3389/fphys.2021.811661},      
ISSN={1664-042X}
}

@misc{Transformers,
  doi = {10.48550/ARXIV.1706.03762},
  url = {https://arxiv.org/abs/1706.03762},
  author = {Vaswani, Ashish and Shazeer, Noam and Parmar, Niki and Uszkoreit, Jakob and Jones, Llion and Gomez, Aidan N. and Kaiser, Lukasz and Polosukhin, Illia},
  keywords = {Computation and Language (cs.CL), Machine Learning (cs.LG), FOS: Computer and information sciences, FOS: Computer and information sciences},
  title = {Attention Is All You Need},
  publisher = {arXiv},
  year = {2017},
  copyright = {arXiv.org perpetual, non-exclusive license}
}

@INPROCEEDINGS{first_team,
  author={Natarajan, Annamalai and Chang, Yale and Mariani, Sara and Rahman, Asif and Boverman, Gregory and Vij, Shruti and Rubin, Jonathan},
  booktitle={2020 Computing in Cardiology}, 
  title={A Wide and Deep Transformer Neural Network for 12-Lead ECG Classification}, 
  year={2020},
  volume={},
  number={},
  pages={1-4},
  doi={10.22489/CinC.2020.107}}

@INPROCEEDINGS{second_team,
  author={Zhao, Zhibin and Fang, Hui and Relton, Samuel D and Yan, Ruqiang and Liu, Yuhong and Li, Zhijing and Qin, Jing and Wong, David C},
  booktitle={2020 Computing in Cardiology}, 
  title={Adaptive Lead Weighted ResNet Trained With Different Duration Signals for Classifying 12-lead ECGs}, 
  year={2020},
  volume={},
  number={},
  pages={1-4},
  doi={10.22489/CinC.2020.112}}
  
@INPROCEEDINGS{third_team,
  author={Zhu, Zhaowei and Wang, Han and Zhao, Tingting and Guo, Yangming and Xu, Zhuoyang and Liu, Zhuo and Liu, Siqi and Lan, Xiang and Sun, Xingzhi and Feng, Mengling},
  booktitle={2020 Computing in Cardiology}, 
  title={Classification of Cardiac Abnormalities From ECG Signals Using SE-ResNet}, 
  year={2020},
  volume={},
  number={},
  pages={1-4},
  doi={10.22489/CinC.2020.281}}
  
 @INPROCEEDINGS{eighth_team,
  author={Chen, Jiabo and Chen, Tianlong and Xiao, Bin and Bi, Xiuli and Wang, Yongchao and Duan, Han and Li, Weisheng and Zhang, Junhui and Ma, Xu},
  booktitle={2020 Computing in Cardiology}, 
  title={SE-ECGNet: Multi-scale SE-Net for Multi-lead ECG Data}, 
  year={2020},
  volume={},
  number={},
  pages={1-4},
  doi={10.22489/CinC.2020.085}}
  
  @INPROCEEDINGS{ninth_team,
  author={Fayyazifar, Najmeh and Ahderom, Selam and Suter, David and Maiorana, Andrew and Dwivedi, Girish},
  booktitle={2020 Computing in Cardiology}, 
  title={Impact of Neural Architecture Design on Cardiac Abnormality Classification Using 12-lead ECG Signals}, 
  year={2020},
  volume={},
  number={},
  pages={1-4},
  doi={10.22489/CinC.2020.161}}
  
  @INPROCEEDINGS{seventh_team,
  author={Bos, Max N and Van De Leur, Rutger R and Vranken, Jeroen F and Gupta, Deepak K and Van Der Harst, Pim and Doevendans, Pieter A and Van Es, René},
  booktitle={2020 Computing in Cardiology}, 
  title={Automated Comprehensive Interpretation of 12-lead Electrocardiograms Using Pre-trained Exponentially Dilated Causal Convolutional Neural Networks}, 
  year={2020},
  volume={},
  number={},
  pages={1-4},
  doi={10.22489/CinC.2020.253}}
  
  @INPROCEEDINGS{sixth_team,
  author={Min, Seonwoo and Choi, Hyun-Soo and Han, Hyeongrok and Seo, Minji and Kim, Jin-Kook and Park, Junsang and Jung, Sunghoon and Oh, Il-Young and Lee, Byunghan and Yoon, Sungroh},
  booktitle={2020 Computing in Cardiology}, 
  title={Bag of Tricks for Electrocardiogram Classification With Deep Neural Networks}, 
  year={2020},
  volume={},
  number={},
  pages={1-4},
  doi={10.22489/CinC.2020.328}}
  
  @INPROCEEDINGS{thirteen_team,
  author={Zisou, Charilaos and Sochopoulos, Andreas and Kitsios, Konstantinos},
  booktitle={2020 Computing in Cardiology}, 
  title={Convolutional Recurrent Neural Network and LightGBM Ensemble Model for 12-lead ECG Classification}, 
  year={2020},
  volume={},
  number={},
  pages={1-4},
  doi={10.22489/CinC.2020.417}}
  
  @INPROCEEDINGS{sixteen_team,
  author={Hsu, Po-Ya and Hsu, Po-Han and Lee, Tsung-Han and Liu, Hsin-Li},
  booktitle={2020 Computing in Cardiology}, 
  title={Multi-label Arrhythmia Classification From 12-Lead Electrocardiograms}, 
  year={2020},
  volume={},
  number={},
  pages={1-4},
  doi={10.22489/CinC.2020.134}}
  
@article{fedrated_learning_as_edge_computing,
title = {A survey of federated learning for edge computing: Research problems and solutions},
journal = {High-Confidence Computing},
volume = {1},
number = {1},
pages = {100008},
year = {2021},
issn = {2667-2952},
doi = {https://doi.org/10.1016/j.hcc.2021.100008},
url = {https://www.sciencedirect.com/science/article/pii/S266729522100009X},
author = {Qi Xia and Winson Ye and Zeyi Tao and Jindi Wu and Qun Li},
keywords = {Federated learning, Edge computing},
}

@article{arythmia_detection_9,
	doi = {10.1088/1361-6579/abc960},
	url = {https://doi.org/10.1088/1361-6579/abc960},
	year = 2020,
	month = {dec},
	publisher = {{IOP} Publishing},
	volume = {41},
	number = {12},
	pages = {124003},
	author = {Erick A Perez Alday and Annie Gu and Amit J Shah and Chad Robichaux and An-Kwok Ian Wong and Chengyu Liu and Feifei Liu and Ali Bahrami Rad and Andoni Elola and Salman Seyedi and Qiao Li and Ashish Sharma and Gari D Clifford and Matthew A Reyna},
	title = {Classification of 12-lead {ECGs}: the {PhysioNet}/Computing in Cardiology Challenge 2020},
	journal = {Physiological Measurement}
}

@inproceedings{he2015delving,
  title={Delving deep into rectifiers: Surpassing human-level performance on imagenet classification},
  author={He, Kaiming and Zhang, Xiangyu and Ren, Shaoqing and Sun, Jian},
  booktitle={Proceedings of the IEEE international conference on computer vision},
  pages={1026--1034},
  year={2015}
}

@article{hannun2019cardiologist,
  title={Cardiologist-level arrhythmia detection and classification in ambulatory electrocardiograms using a deep neural network},
  author={Hannun, Awni Y and Rajpurkar, Pranav and Haghpanahi, Masoumeh and Tison, Geoffrey H and Bourn, Codie and Turakhia, Mintu P and Ng, Andrew Y},
  journal={Nature medicine},
  volume={25},
  number={1},
  pages={65--69},
  year={2019},
  publisher={Nature Publishing Group}
}

@InProceedings{Hu_2018_CVPR,
author = {Hu, Jie and Shen, Li and Sun, Gang},
title = {Squeeze-and-Excitation Networks},
booktitle = {Proceedings of the IEEE Conference on Computer Vision and Pattern Recognition (CVPR)},
month = {June},
year = {2018}
}

@INPROCEEDINGS{team_20,  author={Singstad, Bjørn-Jostein and Tronstad, Christian},  booktitle={2020 Computing in Cardiology},   title={Convolutional Neural Network and Rule-Based Algorithms for Classifying 12-lead ECGs},   year={2020},  volume={},  number={},  pages={1-4},  doi={10.22489/CinC.2020.227}}

@article{ismail2019deep,
  title={Deep learning for time series classification: a review},
  author={Ismail Fawaz, Hassan and Forestier, Germain and Weber, Jonathan and Idoumghar, Lhassane and Muller, Pierre-Alain},
  journal={Data mining and knowledge discovery},
  volume={33},
  number={4},
  pages={917--963},
  year={2019},
  publisher={Springer}
}
@ARTICLE{4122029,  author={Pan, Jiapu and Tompkins, Willis J.},  journal={IEEE Transactions on Biomedical Engineering},   title={A Real-Time QRS Detection Algorithm},   year={1985},  volume={BME-32},  number={3},  pages={230-236},  doi={10.1109/TBME.1985.325532}}

@article{satyanarayanan2017emergence,
  title={The emergence of edge computing},
  author={Satyanarayanan, Mahadev},
  journal={Computer},
  volume={50},
  number={1},
  pages={30--39},
  year={2017},
  publisher={IEEE}
}

@article{khan2019edge,
  title={Edge computing: A survey},
  author={Khan, Wazir Zada and Ahmed, Ejaz and Hakak, Saqib and Yaqoob, Ibrar and Ahmed, Arif},
  journal={Future Generation Computer Systems},
  volume={97},
  pages={219--235},
  year={2019},
  publisher={Elsevier}
}